<record><leader>00000cas a22000007a 4500</leader><controlfield tag="001">32574624</controlfield><controlfield tag="008">950531d19401940nyuwr ne      0    0eng d</controlfield><datafield ind1=" " ind2=" " tag="010"><subfield code="a">sn 95071143 </subfield></datafield><datafield ind1=" " ind2=" " tag="040"><subfield code="a">NYS</subfield><subfield code="b">eng</subfield><subfield code="c">NYS</subfield><subfield code="d">OCLCQ</subfield></datafield><datafield ind1=" " ind2=" " tag="042"><subfield code="a">msc</subfield></datafield><datafield ind1="0" ind2="0" tag="245"><subfield code="a">Port Washington news and times post.</subfield></datafield><datafield ind1=" " ind2=" " tag="260"><subfield code="a">Port Washington, N.Y. :</subfield><subfield code="b">Griscom-Van Alen Publications</subfield></datafield><datafield ind1=" " ind2=" " tag="300"><subfield code="a">v.</subfield></datafield><datafield ind1=" " ind2=" " tag="310"><subfield code="a">Weekly</subfield></datafield><datafield ind1="0" ind2=" " tag="362"><subfield code="a">Vol. 38, no. 20 (May 24, 1940)-v. 38, no. 48 (Dec. 6, 1940).</subfield></datafield><datafield ind1=" " ind2=" " tag="500"><subfield code="a">Editor: Ernest P. Simon.</subfield></datafield><datafield ind1=" " ind2=" " tag="500"><subfield code="a">"Official newspaper for the villages of Baxter Estates, Manorhaven, Port Washington, Sands Point."</subfield></datafield><datafield ind1=" " ind2="4" tag="651"><subfield code="a">Port Washington (N.Y.)</subfield><subfield code="v">Newspapers.</subfield></datafield><datafield ind1=" " ind2="4" tag="651"><subfield code="a">Baxter Estates (N.Y.)</subfield><subfield code="v">Newspapers.</subfield></datafield><datafield ind1=" " ind2="4" tag="651"><subfield code="a">Manorhaven (N.Y.)</subfield><subfield code="v">Newspapers.</subfield></datafield><datafield ind1=" " ind2="4" tag="651"><subfield code="a">Sands Point (N.Y.)</subfield><subfield code="v">Newspapers.</subfield></datafield><datafield ind1=" " ind2="4" tag="651"><subfield code="a">Nassau County (N.Y.)</subfield><subfield code="v">Newspapers.</subfield></datafield><datafield ind1=" " ind2=" " tag="752"><subfield code="a">United States</subfield><subfield code="b">New York</subfield><subfield code="c">Nassau</subfield><subfield code="d">Port Washington.</subfield></datafield><datafield ind1="0" ind2="0" tag="780"><subfield code="t">Port Washington news and Port Washington times post</subfield><subfield code="w">(DLC)sn 95071137</subfield><subfield code="w">(OCoLC)32574481</subfield></datafield><datafield ind1="0" ind2="0" tag="785"><subfield code="t">Port Washington news (Port Washington, N.Y. : 1940)</subfield><subfield code="w">(DLC)sn 95071153</subfield></datafield><datafield ind1="1" ind2=" " tag="029"><subfield code="a">AU@</subfield><subfield code="b">000011738095</subfield></datafield></record>